@InProceedings{GPDE2007,
  title     = {Improving Generalization for Classification-Based Polyphonic Piano Transcription},
  author    = {Poliner, G.E. and Ellis, D.P.W.},
  booktitle = {IEEE Workshop on Applications of Signal Processing to Audio and Acoustics},
  pages     = {86--89},
  year      = {2007}
}

@InProceedings{PSJB2003,
  title     ={Non-negative Matrix Factorization for Polyphonic Music Transcription},
  author    ={Smaragdis, P. and Brown, J.C.},
  booktitle ={IEEE Workshop on Applications of Signal Processing to Audio and Acoustics},
  pages     ={177--180},
  year      ={2003}
}

@InProceedings{DLSS2001,
  author    = {Lee, D.D. and Seung, H.S.},
  title     = {Algorithms for Non-negative Matrix Factorization},
  booktitle = {Advances in Neural Information Processing Systems},
  pages     = {556--562},
  year      = {2001}
}

@InProceedings{TVAK2006,
  author    = {Virtanen, T. and Klapuri, A.},
  title     = {Analysis of Polyphonic Audio Using Source-Filter Model and Non-negative Matrix Factorization},
  booktitle = {Advances in Neural Information Processing Systems},
  year      = {2006}
}

@Article{AK2003,
  author    = {Klapuri, A.},
  title     = {Multiple Fundamental Frequency Estimation Based on Harmonicity and Spectral Smoothness},
  journal   = {IEEE Transactions on Speech and Audio Processing},
  year      = {2003},
  volume    = {11},
  number    = {6},
  month     = {November}
}

@Conference{SAMP2004,
  author    = {Abdallah, S.A. and Plumbley, M.D.},
  title     = {Polyphonic Music Transcription by Non-negative Sparse Coding of Power Spectra},
  booktitle = {Proceedings of the Fifth International Conference on Music Information Retrieval},
  pages     = {318--325},
  year      = {2004}

}

@Conference{EVEA2008,
  title     = {Harmonic and Inharmonic Non-negative Matrix Factorization for Polyphonic Pitch Transcription},
  author    = {Vincent, E. and Bertin, N. and Badeau, R.},
  booktitle = {IEEE International Conference on Acoustics, Speech and Signal Processing},
  pages     = {109--112},
  year      = {2008}
}

@InProceedings{BN2008,
  author    = 	 {Niedermayer, N.},
  title     = 	 {Non-negative Matrix Division for the Automatic Transcription of Polyphonic Music},
  booktitle =    {Proceedings of the Ninth International Conference on Music Information Retrieval},
  pages     = 	 {544--549},
  year      = 	 {2008}
}

@InProceedings{CY2007,
  author    = 	 {Yeh, C.},
  title     = 	 {Multiple F0 Estimation for MIREX 2007},
  booktitle =    {The 3rd Music Information Retrieval Evaluation eXchange},
  pages     = 	 {99--101},
  year      = 	 {2007}
}

@Article{RKEA2000,
  author    = 	 {Kuhn, R. and Junqua, J. and Nguyen, P. and Niedzielski, N.},
  title     = 	 {Rapid Speaker Identification in Eigenvoice Space},
  journal   = 	 {IEEE Transactions on Speech and Audio Processing},
  year      = 	 {2000},
  volume    = 	 {8},
  number    = 	 {6},
  pages     = 	 {695--707},
  month     = 	 {November},
}

@Conference{RWDE2007,
  title     =    {Monaural Speech Separation using Source-Adapted Models},
  author    =    {Weiss, R.J. and Ellis, D.P.W.},
  booktitle =    {IEEE Workshop on Applications of Signal Processing to Audio and Acoustics},
  pages     =    {114--117},
  year      =    {2007}
}

@Book{RGRW2008,
  author = 	 {Gonzalez, R.C. and Woods, R.E.},
  ALTeditor = 	 {},
  title = 	 {Digital Image Processing},
  publisher = 	 {Prentice Hall},
  year = 	 {2008},
}

@Conference{PS2004,
  title     =    {Non-negative Matrix Factor Deconvolution; Extraction of Multiple Sound Sources From Monophonic Inputs},
  author    =    {Smaragdis, P.},
  booktitle =    {International Symposium on Independent Component Analysis and Blind Signal Separation},
  pages     =    {494--499},
  year      =    {2004}
}
